<record><leader>00000cas a22000007a 4500</leader><controlfield tag="001">21631695</controlfield><controlfield tag="008">900530d19081919couwr ne      0    0eng d</controlfield><datafield ind1=" " ind2=" " tag="010"><subfield code="a">sn 90051349 </subfield></datafield><datafield ind1=" " ind2=" " tag="040"><subfield code="a">CNQ</subfield><subfield code="b">eng</subfield><subfield code="c">CNQ</subfield><subfield code="d">OCLCQ</subfield></datafield><datafield ind1=" " ind2=" " tag="042"><subfield code="a">msc</subfield></datafield><datafield ind1="0" ind2=" " tag="130"><subfield code="a">Cortez herald (Cortez, Colo. : 1908)</subfield></datafield><datafield ind1="1" ind2="4" tag="245"><subfield code="a">The Cortez herald.</subfield></datafield><datafield ind1=" " ind2=" " tag="260"><subfield code="a">Cortez, Colo. :</subfield><subfield code="b">J.E. Brown</subfield></datafield><datafield ind1=" " ind2=" " tag="300"><subfield code="a">v.</subfield></datafield><datafield ind1=" " ind2=" " tag="310"><subfield code="a">Weekly</subfield></datafield><datafield ind1="1" ind2=" " tag="362"><subfield code="a">Began in 1908; ceased in Feb. 1919.</subfield></datafield><datafield ind1=" " ind2=" " tag="530"><subfield code="a">Available on microfilm from the Colorado Historical Society.</subfield></datafield><datafield ind1=" " ind2=" " tag="588"><subfield code="a">Description based on: Vol. 10, no. 42 (Jan. 3, 1918).</subfield></datafield><datafield ind1=" " ind2=" " tag="752"><subfield code="a">United States</subfield><subfield code="b">Colorado</subfield><subfield code="c">Montezuma</subfield><subfield code="d">Cortez.</subfield></datafield><datafield ind1="0" ind2="7" tag="785"><subfield code="t">Montezuma journal</subfield><subfield code="w">(DLC)sn 90051348</subfield><subfield code="w">(DLC)sn 90051348</subfield></datafield><datafield ind1="0" ind2="7" tag="785"><subfield code="t">Montezuma journal and the Cortez herald</subfield><subfield code="w">(DLC)sn 90051350</subfield></datafield></record>